@book{archer2012reflexive,
  title={The Reflexive Imperative in Late Modernity},
  author={Archer, M.S.},
  isbn={9781107020955},
  lccn={2011053163},
  url={https://books.google.be/books?id=ObupQaSwJCYC},
  year={2012},
  publisher={Cambridge University Press}
}




@book{bookstaber2019end,
  title={The End of Theory: Financial Crises, the Failure of Economics, and the Sweep of Human Interaction},
  author={Bookstaber, R.},
  isbn={9780691191850},
  url={https://books.google.be/books?id=zViYDwAAQBAJ},
  year={2019},
  publisher={Princeton University Press}
}


@article{startup-genome-2019, 
author = {Startup Genome}, 
ALTeditor = {}, 
title = {Global Startup Report 2019}, 
date = {}, 
publisher = {},
url = {https://startupgenome.com/reports/global-startup-ecosystem-report-2019}, 
urldate = {2023-05-16}, 
} 


@misc{5perc-VC-return-ben-artzy,
author = {Gil Ben-Atzy}, 
ALTeditor = {}, 
title = {}, 
date = {}, 
url = {https://www.slideshare.net/gilbenartzy/money-talks-things-you-learn-after-77-investment-rounds}, 
urldate = {2023-04-20}, 
} 


@article{5perc-VC-return, 
author = {Tomer Dean}, 
ALTeditor = {}, 
title = {The meeting that showed me the truth about VCs}, 
date = {2017-06-02}, 
publisher = {Techcrunch},
url = {https://techcrunch.com/2017/06/01/the-meeting-that-showed-me-the-truth-about-vcs/}, 
urldate = {2023-05-12}, 
} 


@article{loss-20-big-IPO, 
author = {Joanna Glasner}, 
ALTeditor = {}, 
title = {The Biggest Startup IPOs Of The Past 10 Years Are All Below Their First-Day Price}, 
date = {2023-05-09}, 
publisher = {Crunchbase},
url = {https://news.crunchbase.com/public/venture-backed-us-startups-ipos/}, 
urldate = {2023-05-12}, 
} 


@misc{fullerton-finance, 
author = {John Fullerton}, 
ALTeditor = {}, 
title = {}, 
date = {}, 
url = {https://capitalinstitute.org/finance-for-a-regenerative-world/}, 
urldate = {2023-04-20}, 
} 


@book{lovins2018finer,
  title={A Finer Future: Creating an Economy in Service to Life},
  author={Lovins, L.H. and Wallis, S. and Wijkman, A. and Fullerton, J. and Raworth, K.},
  isbn={},
  lccn={},
  url={},
  year={2018},
  publisher={New Society Publishers}
}


@book{wiggins2022intelligent,
  title={The Intelligent Fund Investor: Practical steps for better results in active and passive funds},
  author={Wiggins, J.},
  isbn={},
  year={2022},
  publisher={Harriman House Limited}
}


@misc{tail-risk-hedge-taleb, 
author = {Julie Segal}, 
ALTeditor = {}, 
title = {}, 
date = {}, 
url = {https://www.institutionalinvestor.com/article/b1nhg4w9k5hjp0/Nassim-Taleb-and-Universa-Versus-the-World}, 
urldate = {2023-03-30}, 
} 


@book{montgomery2023net,
  title={Net Zero Business Models: Winning in the Global Net Zero Economy},
  author={Montgomery, J. and Van Clieaf, M.},
  year={2023},
  publisher={Wiley}
}


@book{poole2015capitalism,
  title={Capitalism's Toxic Assumptions: Redefining Next Generation Economics},
  author={Poole, E.},
  isbn={},
  year={2015},
  publisher={Bloomsbury USA}
}


@book{moore1996death,
  title={The Death of Competition: Leadership and Strategy in the Age of Business Ecosystems},
  author={Moore, J.F.},
  isbn={},
  year={1996},
  publisher={HarperBusiness}
}


@Inbook{Bozesan2020,
author={Bozesan, Mariana},
title={Integral Investing: From Profit to Prosperity},
year={2020},
publisher={Springer International Publishing},
isbn={}
}






@misc{nestr, 
author = {}, 
ALTeditor = {}, 
title = {}, 
date = {}, 
url = {https://nestr.io//}, 
urldate = {2023-02-19}, 
} 






@book{brown2017positional,
  title={Positional Analysis for Sustainable Development: Reconsidering policy, economics and accounting},
  author={Brown, Judy and Soderbaum, Peter and Dereniowska, Malgorzata},
  volume={46},
  year={2017},
  publisher={Taylor \& Francis}
}


@book{wilson-prosocial,
  title={Prosocial: Using evolutionary science to build productive, equitable, and collaborative groups},
  author={Atkins, Paul WB and Wilson, David Sloan and Hayes, Steven C},
  year={2019},
  publisher={New Harbinger Publications}
}


@misc{Unilever-covid-mouthwash, 
author = {}, 
ALTeditor = {}, 
title = {}, 
date = {}, 
url = {https://www.unilever.com/news/news-search/2020/putting-purpose-into-practice-our-covid-19-response/}, 
urldate = {2023-02-15}, 
} 




@misc{life-damned, 
author = {}, 
ALTeditor = {}, 
title = {}, 
date = {}, 
url = {https://quoteinvestigator.com/2015/09/02/life-one/}, 
urldate = {2022-12-21}, 
} 


@misc{hopi-prophecy, 
author = {}, 
ALTeditor = {}, 
title = {Hopi Elders’ Prophecy}, 
date = {2000-06-08}, 
url = {https://www.awakin.org/v2/read/view.php?tid=702}, 
urldate = {2022-11-25}, 
} 


@book{rawls2005theory,
  title={A Theory of Justice},
  author={Rawls, J.},
  isbn={},
  lccn={},
  series={Oxford Paperbacks 301 301},
  url={},
  year={2005},
  publisher={Harvard University Press}
}




@misc{ubuntu, 
author = {}, 
ALTeditor = {Wikipedia}, 
title = {Ubuntu Philosophy}, 
date = {}, 
url = {https://en.wikipedia.org/wiki/Ubuntu_philosophy}, 
urldate = {2022-11-25}, 
} 




@book{goyder2019entrusted,
  title={Entrusted: Stewardship For Responsible Wealth Creation},
  author={Ong, B.H. and Goyder, M.},
  %isbn={9789811207587},
  year={2019},
  publisher={World Scientific Publishing Company}
}


@misc{regens-unite, 
author = {}, 
ALTeditor = {}, 
title = {Regens Unite}, 
date = {}, 
url = {https://www.regensunite.earth/}, 
urldate = {2022-11-21}, 
} 


@book{schwab2021stakeholder,
title={Stakeholder Capitalism: A Global Economy that Works for Progress, People and Planet},
author={Schwab, K. and Vanham, P.},
  %isbn={9781119756132},
  %lccn={2020053698},
  url={},
  year={2021},
  publisher={Wiley}
}


@misc{mcelroy-multicap, 
author = {Martin P. Thomas and Mark W McElroy}, 
ALTeditor = {}, 
title = {}, 
date = {}, 
url = {https://www.multicapitalscorecard.com/}, 
urldate = {}, 
} 


@misc{bcorp, 
author = {}, 
ALTeditor = {}, 
title = {B-Corp}, 
date = {}, 
url = {https://www.bcorporation.net/}, 
urldate = {2022-11-21}, 
} 


@misc{EllenMacArthur, 
author = {}, 
ALTeditor = {}, 
title = {Ellen MacArthur Foundation publications on the Circular Economy}, 
date = {}, 
url = {https://ellenmacarthurfoundation.org/publications}, 
urldate = {2022-11-21}, 
} 


@misc{fullerton-capinst, 
author = {John Fullerton}, 
ALTeditor = {}, 
title = {Regenerative Capitalism, the Capital Institute}, 
date = {}, 
url = {https://capitalinstitute.org/regenerative-capitalism/}, 
urldate = {2022-11-21}, 
} 


@book{mcraney2022minds,
  title={How Minds Change: The New Science of Belief, Opinion and Persuasion},
  author={McRaney, D.},
  isbn={},
  url={},
  year={2022},
  publisher={Oneworld Publications}
}




@article{IPCC-2001,
  title={Climate Change 2001: The Scientific Basis. Contribution of Working Group I to the Third Assessment Report of the Intergovernmental Panel on Climate Change (IPCC)},
  editor={J.T. Houghton and Y. Ding and  D.J. Griggs and  M. Noguer and  P.J. van der Linden and  X. Dai and  K. Maskell and C.A. Johnson},
  publisher={Cambridge University Press},
  pages={881},
  year={2001}
}




@book{singer2016surrender,
  title={The Surrender Experiment: My Journey Into Life's Perfection},
  author={Singer, M.A.},
  isbn={},
  url={},
  year={2016},
  publisher={Hodder \& Stoughton}
}




@book{kim2014blue,
  title={Blue Ocean Strategy, Expanded Edition: How to Create Uncontested Market Space and Make the Competition Irrelevant},
  author={Kim, W.C. and Mauborgne, R.},
    year={2014},
  publisher={Harvard Business Review Press}
}




@misc{cohen-nobel-luck,
        author = {Ben Cohen},
        ALTeditor = {},
        title = {Winning a Nobel Prize Takes Luck as Much as  Talent },
        date = {2022-10-06},
        url = { https://www.wsj.com/articles/nobel-prize-luck-success-talent-11664903787 },
        urldate = {2022-11-14},
}


@article{pluchino2018talent,
  title={Talent versus luck: The role of randomness in success and failure},
  author={Pluchino, Alessandro and Biondo, Alessio Emanuele and Rapisarda, Andrea},
  journal={Advances in Complex systems},
  volume={21},
  number={03n04},
  pages={1850014},
  year={2018},
  publisher={World Scientific}
}


@book{ford2020secrets,
  title={The Secrets of the Seasons: You're Here for a Reason},
  author={Ford, Lawrence},
  isbn={9781734844900},
  year={2020},
  publisher={Conscious Capital Press}
}




@book{gennari2022climate,
  title={The Climate Optimist Handbook: How to Shift the Narrative on Climate Change and Find the Courage to Choose Change},
  author={Anne Therese Gennari},
  isbn={978-1636182063},
  year={2022-10-17},
  publisher={Aviva Publishing}
}






@misc{jobs-one-p-and-l,
        author = {Jason Aten},
        ALTeditor = {},
        title = {},
        date = {},
        url = { https://incafrica.com/library/jason-aten-this-was-steve-jobs-most-important-observation-when-he-returned-to-apple-it-changed-everything },
        urldate = {2022-11-14},
}


@misc{jobs-dots,
        author = {Steve Jobs},
        ALTeditor = {},
        title = {Stanford commencement address},
        date = {2005},
        url = {https://www.youtube.com/watch?v=UF8uR6Z6KLc},
        urldate = {2022-11-14},
}


@misc{class-wealth-gap,
        author = {Alan Milburn},
        editor = {},
        title = {},
        date = {2022-11-12},
        url = { https://www.theguardian.com/commentisfree/2022/nov/12/7000-a-year-thats-hit-to-your-salary-if-you-come-from-a-working-class-family },
        urldate = {2022-11-14},
note         = {}
}


@misc{future-capital,
        ALTauthor = {},
        editor = {},
        title = {Future Capital},
        date = {},
        url = {https://www.futureofcapital.org/},
        urldate = {2022-11-12},
note         = {}
}


@article{harter2017right,
  title={The right culture: Not just about employee satisfaction},
  author={Harter, Jim and Mann, Annamarie},
  journal={Gallup Inc.},
  url =  {https://www.gallup.com/workplace/236366/right-culture-not-employee-satisfaction},
  volume={20},
  pages={2019},
  year={2017}
}


@book{polman2021net,
  title={Net Positive: How Courageous Companies Thrive by Giving More Than They Take},
  author={Polman, P. and Winston, A.},
  isbn={9781647821319},
  lccn={2021021328},
  year={2021},
  publisher={Harvard Business Review Press}
}




@book{bengtsson-focus,
  title={The Art of Focus: 10,9},
  author={Christina Bengtsson},
  isbn={979-8742387503},
  url={},
  year={2021},
  publisher={Independently published}
}


@book{Lucky,
  title={The Ergodic Investor and Entrepreneur},
  author={Boyd, G. and Reardon, J.},
  isbn={978-1-913629-19-9},
  url={},
  year={2023},
  publisher={Evolutesix Books}
}


@book{Rebuild,
  title={Rebuild: the Economy, Leadership, and You},
  author={Boyd, G. and Reardon, J.},
  isbn={},
  url={},
  year={2020},
  publisher={Evolutesix Books}
}


@misc{pandemic-lessons,
        ALTauthor = {},
        editor = {},
        title = {},
        date = {},
        url = {https://www.forbes.com/advisor/investing/covid-19-pandemic-investing-lessons/},
        urldate = {2022-11-08},
note         = {}
}




@misc{procter-market-cap,
        ALTauthor = {},
        editor = {},
        title = {},
        date = {},
        url = {https://companiesmarketcap.com/procter-and-gamble/marketcap/},
        urldate = {2022-11-08},
note         = {}
}


@misc{gyg-market-cap,
        ALTauthor = {},
        editor = {},
        title = {},
        date = {},
        url = {https://www.crunchbase.com/organization/getyourguide/company_financials},
        urldate = {2022-11-08},
note         = {}
}


@misc{zoom-market-cap,
        ALTauthor = {},
        editor = {},
        title = {},
        date = {},
        url = {https://companiesmarketcap.com/zoom/marketcap/},
        urldate = {2022-11-08},
note         = {}
}


@article{peters2022ergodicity,
  title={The ergodicity solution of the cooperation puzzle},
  author={Peters, Ole and Adamou, Alexander},
  journal={Philosophical Transactions of the Royal Society A},
  volume={380},
  number={2227},
  pages={20200425},
  year={2022},
  publisher={The Royal Society}
}




@misc{berman-wealth,
      title={Wealth Inequality and the Ergodic Hypothesis: Evidence from the United States}, 
      author={Yonatan Berman and Ole Peters and Alexander Adamou},
      year={2020}
    }


@misc{boyd-lines-dots,
        author = {Graham Boyd},
        ALTeditor = {},
        title = {Why ecosystem investing beats portfolios},
        date = {2021-03-23},
        url = {https://graham-boyd.biz/blog/why-ecosystem-investing-beats-portfolios/},
        OPTurldate = {},
 note         = {}
}


@misc{peters-adamou-evolutionary,
      title={An evolutionary advantage of cooperation}, 
      author={Ole Peters and Alexander Adamou},
      year={2018},
      eprint={1506.03414},
      archivePrefix={arXiv}
}




@article{peters-gell-mann,
   title={Evaluating gambles using dynamics},
   volume={26},
   ISSN={1089-7682},
   url={http://dx.doi.org/10.1063/1.4940236},
   DOI={10.1063/1.4940236},
   number={2},
   journal={Chaos: An Interdisciplinary Journal of Nonlinear Science},
   publisher={AIP Publishing},
   author={Peters, O. and Gell-Mann, M.},
   year={2016},
   month={02},
   pages={023103}
}




@book{snowden-cynefin,
  title={Cynefin - Weaving Sense-Making Into the Fabric of Our World},
  author={Snowden, D. and Greenberg, R. and Bertsch, B. and Borchardt, S. and Blignaut, S. and Goh, Z.},
  isbn={},
  url={},
  year={2020},
  publisher={Cognitive Edge - The Cynefin Company}


}




@book{dante-inferno,
        author = {Dante},
        translator = {Robert Pinsky},
        title = {The Inferno of Dante},
        date = {1994},
        volume       = {},
pages        = {},
publisher = {Farrar, Straus and Giroux},
        location = {New York},
note         = {Canto I, line 2}
}






@book{breidenbach-new,
        author = {Joana Breidenbach and Bettina Rollow},
        title = {New Work needs Inner Work},
        date = {2019},
        volume       = {},
pages        = {},
publisher = {},
        OPTlocation = {},
 note         = {}
}




@article{paine-governance,
        author = {Lynn Paine},
        title = {Covid-19 Is Rewriting the Rules of Corporate Governance},
        journaltitle = {Harvard Business Review},
        date = {2020},
        volume = {},
        number = {},
        month = {10},
        pages = {},
 note         = {}
}


@book{hamel-humanocracy,
        author = {Gary Hamel and Michele Zanini},
        title = {Humanocracy: Creating Organizations as Amazing as the People Inside Them},
        date = {2020},
        volume       = {},
pages        = {},
publisher = {Harvard Business Review Press},
        OPTlocation = {},
 note         = {}
}


@book{barrett-emotions,
        author = {Lisa Feldman Barrett},
        title = {How Emotions Are Made: The Secret Life of the Brain},
        date = {2017},
        volume       = {},
pages        = {},
publisher = {Houghton Mifflin Harcourt},
        OPTlocation = {},
 note         = {}
}


@book{shannon-metathinking,
        author = {Nick Shannon and Bruno Frischherz},
        title = {Metathinking: The Art and Practice of Transformational Thinking},
        date = {2020},
        volume       = {},
pages        = {},
publisher = {Springer},
        OPTlocation = {},
 note         = {}
}


@book{islahi-history-islamic,
        author = {Abdul Islahi},
        title = {History of Islamic Economic Thought: Contributions of Muslim Scholars to Economic Thought and Analysis},
        date = {2014},
        volume       = {},
pages        = {},
publisher = {Edward Elgar Publishing},
        OPTlocation = {},
 note         = {}
}






@book{russell-thrivability,
        author = {Jean Russell},
        title = {Thrivability: Breaking through to a World that Works},
        date = {2013},
        volume       = {},
pages        = {},
publisher = {Triarchy Press Ltd.},
        OPTlocation = {},
 note         = {}
}


@book{kelton-deficit,
        author = {Stephanie Kelton},
        title = {The Deficit Myth: Modern Monetary Theory and the Birth of the People's Economy},
        date = {2020},
        volume       = {},
pages        = {},
publisher = {PublicAffairs},
        OPTlocation = {},
 note         = {}
}




@book{henderson-hourglass,
        author = {Deborah Henderson},
        title = {The Hour Glass Leader},
        date = {},
        volume       = {},
pages        = {},
publisher = {To be published},
        OPTlocation = {},
 note         = {}
}






@book{twist-money,
        author = {Lynne Twist and Teresa Barker},
        title = {The soul of money},
        date = {},
        volume       = {},
pages        = {},
publisher = {W. W. Norton and Company},
        OPTlocation = {},
 note         = {}
}


@book{bingham-money,
        author = {G. Benjamin Bingham},
        title = {Making Money Matter: Impact Investing to Change the World},
        date = {2015},
        volume       = {},
pages        = {},
publisher = {Prospecta Press},
        OPTlocation = {},
 note         = {}
}






@book{keynes-collected-writing,
        author = {John Maynard Keynes},
Editor = {Elizabeth Johnson and Donald Moggridge},
        title = {Collected Writings},
        date = {1978},
        volume       = {14},
pages        = {366},
publisher = {Royal Economic Society},
        OPTlocation = {},
 note         = {}
}


@misc{galbraith-keynes,
        author = {James K. Galbraith},
        ALTeditor = {},
        title = {Keynes, Einstein, and Scientific Revolution},
        date = {},
        url = {prospect.org/economy/keynes-einstein-scientific-revolution/},
        OPTurldate = {},
 note         = {}
}


@book{keynes-general,
        author = {John Maynard Keynes},
        title = {The General Theory of Employment, Interest, and Money},
        date = {1936},
        publisher = {Palgrave Macmillan},
        OPTlocation = {},
 note         = {}
}


@book{wahl-regenerative,
        author = {Daniel Christian Wahl},
        title = {Designing Regenerative Cultures},
        date = {2016},
        publisher = {Triarchy Press},
        OPTlocation = {},
 note         = {}
}


@article{black-telus,
        author = {Bernard Black},
        title = {Equity Decoupling and Empty Voting: The Telus Zero-Premium Share Swap},
        journaltitle = {The M\&A Lawyer},
        date = {2012},
        volume = {16},
        number = {9},
        month = {10},
        pages = {},
 note         = {}
}


@article{battilana-hybrid,
        author = {Julie Battilana and Matthew Lee and John Walker and Cheryl Dorsey},
        title = {In Search of the Hybrid Ideal},
        journaltitle = {Stanford Social Innovation Review},
        date = {2012},
        volume = {},
        number = {},
        month = {},
        pages = {},
 note         = {}
}


@article{iwai-persons,
        author = {Katsuhito Iwai},
        title = {Persons, things and corporations: the corporate personality controversy and comparative corporate governance},
        journaltitle = {American Journal of Comparative Law},
        date = {1999},
        volume = {47},
        number = {4},
        month = {},
        pages = {583-632},
 note         = {}
}


@article{barry-social-welfare,
        author = {Jordan M. Barry and John William Hatfield and Scott Duke Kominers},
        title = {On derivative markets and social welfare: a theory of empty voting and hidden ownership},
        journaltitle = {Virginia Law Review},
        date = {2013},
        volume = {99},
        number = {1103},
        month = {},
        pages = {},
 note         = {SSRN--id2134458}
}


@article{ringe-revisited,
        author = {Wolf-Georg Ringe},
        title = {Empty Voting Revisited: The Telus Saga},
        journaltitle = {University of Oxford Legal Research Paper Series},
        date = {2013},
        volume = {},
        number = {},
        month = {3},
        pages = {},
 note         = {SSRN-id2230528}
}


@article{ringe-europe,
        author = {Wolf-Georg Ringe},
        title = {Hedge Funds and Risk-Decoupling \textemdash The Empty Voting Problem in the European Union},
        journaltitle = {University of Oxford Legal Research Paper Series},
        date = {2012},
        volume = {},
        number = {52},
        month = {8},
        pages = {},
 note = {SSRN-id2135489}
}


@article{schouten-mechanisms,
        author = {Michael C. Schouten},
        title = {The Mechanisms of Voting Efficiency},
        journaltitle = {Columbia Business Law Review},
        date = {2010},
        volume = {3},
        number = {},
        month = {},
        pages = {},
 note         = {}
}


@article{yermack-governance,
        author = {David Yermack},
        title = {Shareholder Voting and Corporate Governance},
        journaltitle = {Annual Review of Financial Economics},
        date = {2010},
        volume = {2},
        number = {1},
        month = {3},
        pages = {103-125},
 note         = {}
}


@article{brav-empty-voting,
        author = {Alon Brav and Richmond D. Mathews},
        title = {Empty Voting And The Efficiency Of Corporate Governance},
        journaltitle = {AFA 2009 San Francisco Meetings Paper},
        date = {2010},
        volume = {},
        number = {},
        month = {},
        pages = {},
note         = {SSRN-id1108632}
}






@book{thurow-dangerous,
        author = {Lester Thurow},
        title = {Dangerous Currents (State of Economics)},
        date = {2001},
        publisher = {OUP},
        OPTlocation = {},
 note         = {}
}


@book{carlin-macroeconomics,
        author = {Wendy Carlin and David Soskice},
        title = {Macroeconomics Institutions, instability, and the financial system},
        date = {2015},
        publisher = {Oxford University Press},
        OPTlocation = {},
 note         = {}
}


@book{keen-debunking,
        author = {Steve Keen},
        title = {Debunking Economics, Revised and Updated version},
        date = {2011},
        publisher = {Zed Books},
        OPTlocation = {},
 note         = {}
}


@book{keen-the-new-economics,
        author = {Steve Keen},
        title = {The New Economics},
        date = {2022},
        publisher = {Polity},
        OPTlocation = {},
 note         = {}
}




@book{varoufakis-minotaur,
        author = {Yanis Varoufakis},
        title = {The Global Minotaur: America, Europe and the Future of the Global Economy},
        date = {2011},
        publisher = {Zed Books},
        OPTlocation = {},
 note         = {}
}


@book{hickel-less,
        author = {Jason Hickel},
        title = {Less is More. How Degrowth Will Save the World},
        date = {2020},
        publisher = {Penguin},
        OPTlocation = {},
 note         = {}
}


@book{figueres-future,
        author = {Christiana Figueres and Tom Rivett-Carnac},
        title = {The Future We Choose: Surviving the Climate Crisis},
        date = {2020},
        publisher = {Manilla Press},
        OPTlocation = {},
 note         = {}
}


@article{guarino-2035,
        author = {Maria-Vittoria Guarino and others},
        title = {Sea-ice-free Arctic during the Last Interglacial supports fast future loss},
        journaltitle = {Nature Climate Change},
        date = {2020},
        volume = {},
        number = {},
        month = {8},
        pages = {},
 note         = {}
}




@book{pratchett-lords,
        author = {Terry Pratchett},
        title = {Lords and Ladies},
        date = {1992},
        publisher = {Gollancz},
        OPTlocation = {},
 note         = {}
}


@book{wilber-integral,
        author = {Ken Wilber},
        title = {The Integral Vision: A Very Short Introduction to the Revolutionary Integral Approach to Life, God, the Universe, and Everything},
        date = {2007},
        publisher = {Shambhala Publications},
        OPTlocation = {},
 note         = {}
}


@book{dellner-integral,
        author = {Robert Dellner},
        title = {Integral Impact Investing},
        date = {2020},
        publisher = {Evolutesix Publishing},
        OPTlocation = {},
 note         = {}
}




@misc{ecg-website,
        ALTauthor = {},
        ALTeditor = {},
        title = {},
        date = {},
        url = {https://www.ecogood.org/},
        OPTurldate = {},
 note         = {}
}




@book{wheatley-lost-found,
        author = {Margaret J. Wheatley},
        title = {So Far From Home: Lost And Found In Our Brave New World},
        date = {2012},
        publisher = {Berret-Koehler},
        OPTlocation = {},
 note         = {}
}


@book{wheatley-leadership,
        author = {Margaret J. Wheatley},
        title = {Leadership And The New Science: Discovering Order In A Chaotic World, Third Edition},
date = {2006},
        publisher = {Berret-Koehler},
        OPTlocation = {},
 note         = {}
}




@book{schrager-brothel,
        author = {Allison Schrager},
        title = {An Economist Walks Into A Brothel},
        date = {2019},
        publisher = {Portfolio},
        OPTlocation = {},
 note         = {}
}


@misc{nooyi-shapes,
        author = {Indra Nooyi},
        ALTeditor = {},
        title = {},
        date = {},
        url = {https://en.wikiquote.org/wiki/Indra_Nooyi},
        OPTurldate = {},
 note         = {}
}


@book{hayhoe-hope,
  title={Saving Us: A Climate Scientist's Case for Hope and Healing in a Divided World},
  author={Hayhoe, K.},
  isbn={9781982143855},
  url={https://books.google.co.za/books?id=zyzuDwAAQBAJ},
  year={2021},
  publisher={Atria/One Signal Publishers}
}




@book{hubbard-birth,
        author = {Barbara Marx Hubbard},
        title = {Birth 2012 and Beyond: Humanity's Great Shift to the Age of Conscious Evolution},
        date = {2012},
        publisher = {Shift Books},
        OPTlocation = {},
 note         = {}
}






@book{mazzucato-value-everything,
        author = {Mariana Mazzucato},
        title = {The value of everything},
        date = {2018},
        OPTpublisher = {},
        OPTlocation = {},
 note         = {}
}


@book{mazzucato-rethinking-capitalism,
        author = {Michael Jacobs and Mariana Mazzucato},
        title = {Rethinking Capitalism},
        date = {2016},
        OPTpublisher = {},
        OPTlocation = {},
 note         = {}
}


@book{mazzucato-entrepreneurial-state,
        author = {Mariana Mazzucato},
        title = {The entrepreneurial state},
        date = {2013},
        OPTpublisher = {},
        OPTlocation = {},
 note         = {}
}




@misc{wiki-blue-economy,
        ALTauthor = {},
        ALTeditor = {},
        title = {},
        date = {},
        url = {https://en.wikipedia.org/wiki/Blue_economy},
        OPTurldate = {},
 note         = {}
}


@book{pauli-blue-economy,
        author = {Gunter Pauli},
        ALTeditor = {},
        title = {The blue economy, a report to the Club of Rome},
        date = {},
        url = {https://www.theblueeconomy.org/},
        OPTurldate = {},
 note         = {}
}


@book{wilson-this-view-of-life,
        author = {David Sloan Wilson},
        title = {This view of life, Completing the Darwinian revolution},
        date = {2019},
        publisher = {Vintage},
        OPTlocation = {},
 note         = {}
}


@misc{r3.0-regeneration,
        ALTauthor = {},
        ALTeditor = {},
        title = {Redesign, Resilience, and Regeneration},
        date = {},
        url = {https://www.r3-0.org/},
        OPTurldate = {},
 note         = {}
}


@article{foote-greenhouse-gas,
        author = {Eunice Newton Foote},
        title = {Circumstances affecting the Heat of the Sun's Rays},
        journaltitle = {American Association for the Advancement of Science},
        date = {1856},
        volume = {},
        number = {},
        month = {},
        pages = {},
 note         = {}
}


@book{catton-overshoot,
        author = {Wiliam Catton},
        title = {Overshoot},
        date = {1980},
        publisher = {University of Illinois Press},
        OPTlocation = {},
 note         = {}
}


@book{grant-determination,
        author = {Gabriel Grant},
        title = {To be announced},
        date = {2021},
        publisher = {TBD},
        OPTlocation = {},
 note         = {}
}


@book{amen-neuroscience,
        author = {Daniel Amen},
        title = {The End of Mental Illness: How Neuroscience Is Transforming Psychiatry and Helping Prevent or Reverse Mood and Anxiety Disorders, ADHD, Addictions, PTSD, Psychosis, Personality Disorders, and More},
        date = {2020},
publisher = {Tyndale Momentum},
        OPTlocation = {},
 note         = {}
}




@article{deakin-corporation-as-commons,
        author = {Simon Deakin},
        title = {The Corporation as Commons: Rethinking Property Rights, Governance and Sustainability in the Business Enterprise},
        journaltitle = {Queen’s Law Journal},
        date = {2011},
        volume = {37},
        number = {2},
        month = {},
        pages = {339-381},
}






@misc{lawrence-commoning-the-company,
        author = {Mathew Lawrence and Adrienne Buller and Joseph Baines and Sandy Hager},
        ALTeditor = {},
        title = {Commoning the Company},
        date = {2020},
        organization = {Common Wealth},
url = {https://www.common-wealth.co.uk/},
        OPTurldate = {},
 note         = {}
}




@article{smith-teasdale-associative,
        author = {Graham Smith and Simon Teasdale},
        title = {Associative democracy and the social economy: exploring the regulatory challenge},
        journaltitle = {Journal of Economy and Society},
        date = {2012},
        volume = {41},
        number = {2},
        month = {},
        pages = {151-176},
 note         = {}
}


@book{pratchett-wear-midnight,
        author = {Terry Pratchett},
        title = {I Shall Wear Midnight},
        date = {2010-09-02},
        publisher = {Doubleday},
        OPTlocation = {},
 note         = {}
}


@book{winger-innovation,
        author = {Michael Winger},
        title = {The Innovation Imperative: Your Future Depends on It},
        date = {2015-12-14},
        publisher = {New Directions Press},
        OPTlocation = {},
 note         = {}
}


@article{piomas-data,
        author = {Jinlun Zhang and D.A. Rothrock},
        ALTeditor = {},
        title = {Modeling global sea ice with a thickness and enthalpy distribution model in generalized curvilinear coordinates},
        journaltitle = {Mon. Wea. Rev.},
        date = {2003},
        volume = {131},
        number = {5},
        month = {},
        pages = {681-697},
 note         = {}


}


@misc{guardian-groundhog-day,
        ALTauthor = {},
        editor = {Guardian Business},
        title = {As growth fizzles out, it’s as if the last 10 years never happened},
        date = {2019-04-01},
        url = {https://www.theguardian.com/business/2019/apr/07/global-growth-fizzles-groundhog-day-for-world-economy},
        OPTurldate = {},
 note         = {}
}


@misc{kristof-gravity-70minwage,
        author = {Nicholas Kristof},
        ALTeditor = {},
        title = {The \$70,000-a-Year Minimum Wage},
        date = {2019-03-30},
        url = {https://www.nytimes.com/2019/03/30/opinion/sunday/dan-price-minimum-wage.html},
        OPTurldate = {},
 note         = {}
}




@book{chapman-meaningness-nebulosity,
        author = {David Chapman},
        ALTeditor = {},
        title = {Meaningness},
        date = {},
        url = {https://meaningness.com/resolution},
        OPTurldate = {},
 note         = {}
}


@book{chapman-meaningness-eternalism-nihilism,
        author = {David Chapman},
        ALTeditor = {},
        title = {Meaningness},
        date = {},
        url = {https://meaningness.com/preview-eternalism-and-nihilism},
        OPTurldate = {},
 note         = {}
}


@book{chapman-meaningness-cargo,
        author = {David Chapman},
        ALTeditor = {},
        title = {Meaningness},
        date = {},
        url = {https://meaningness.com/metablog/upgrade-your-cargo-cult},
        OPTurldate = {},
 note         = {}
}


@misc{keen-thermodynamic-economics,
        author = {Steve Keen},
        ALTeditor = {},
        title = {NIESR Macroeconomics of Sustainability Presentation on integrating energy into economic theory},
        date = {2019-12-06},
        url = {https://www.patreon.com/posts/niesr-of-on-into-32127411},
        OPTurldate = {},
 note         = {}
}


@misc{wolf-economists-failed-experts,
        author = {Martin Wolf},
        ALTeditor = {},
        title = {Why Economists Failed as “Experts”—and How to Make Them Matter Again},
        date = {2019-03-12},
        url = {https://www.ineteconomics.org/perspectives/blog/why-economists-failed-as-experts-and-how-to-make-them-matter-again},
        OPTurldate = {},
 note         = {}
}




@book{rome-limits,
        author = { Dennis Meadows and Donella Meadows and Jørgen Randers and William W. Behrens III},
        title = {The Limits to Growth},
        date = {1972},
        OPTpublisher = {},
        OPTlocation = {},
 note         = {}
}


@book{wasserman-founders-dilemmas,
        author = {Noam Wasserman},
        title = {The Founder's Dilemmas},
        date = {2012},
        publisher = {Princeton University Press},
        OPTlocation = {},
 note         = {}
}






@book{dellner-money,
        author = {Robert Dellner},
        title = {TBD},
        date = {},
        publisher = {},
        OPTlocation = {},
 note         = {}
}


@book{barrett-values,
        author = {Richard Barrett},
        title = {The Values Driven Organization},
        date = {2013},
        publisher = {Routledge},
        OPTlocation = {},
 note         = {}
}


@misc{watkins-decisions,
        author = {Alan Watkins},
        ALTeditor = {},
        title = {A decision is a feeling},
        date = {},
        url = {https://www.youtube.com/watch?v=4pb76GX5il8},
        OPTurldate = {},
 note         = {}
}




@book{mackey-conscious,
        author = {John Mackey and Rajendra Sisodia},
        title = {Conscious Capitalism, With a New Preface by the Authors: Liberating the Heroic Spirit of Business},
        date = {2014},
        publisher = {Harvard Business Review Press},
        OPTlocation = {},
 note         = {}
}




@misc{sawin-multisolving,
        author = {Elizabeth Sawin},
        ALTeditor = {},
        title = {Climate Interactive},
        date = {},
        url = {https://www.climateinteractive.org/programs/multisolving/what-is-multisolving/},
        urldate = {2022-11-14},
}




@book{raworth-doughnut,
        author = {Kate Raworth},
        title = {Doughnut Economics: Seven Ways to Think Like a 21st-Century Economist},
        date = {2017},
        publisher = {Chelsea Green Publishing},
        OPTlocation = {},
 note         = {}
}


@misc{raworth-guardian,
        author = {Kate Raworth},
        ALTeditor = {},
        journaltitle = {The Guardian},
title = {Old economics is based on false ‘laws of physics’ – new economics can save us},
        date = {2017-04-06},
        url = {https://www.theguardian.com/global-development-professionals-network/2017/apr/06/kate-raworth-doughnut-economics-new-economics},
        OPTurldate = {},
note         = {}
}


@misc{guardian-whole-foods,
        author = {Nicole Aschoff},
        ALTeditor = {},
journaltitle = {The Guardian},
        title = {Whole Foods represents the failures of 'conscious capitalism'},
date = {2017-05-29},        
url = {https://www.theguardian.com/commentisfree/2017/may/29/whole-foods-failures-conscious-capitalism},
        OPTurldate = {},
 note         = {}
}


@book{dowd-capitalism,
        author = {Douglas Dowd},
        title = {Capitalism and its economics},
        date = {2004},
        publisher = {Pluto Press},
        location = {London},
 note         = {}
}




@book{reardon-introducing,
        author = {Jack Reardon and Maria Alejandra Madi and Molly Scott Cato},
        title = {Introducing a new economics, pluralist, sustainable and progressive},
        date = {2018},
        publisher = {Pluto Press},
        location = {London},
 note         = {}
}


@misc{ten-signs-climate,
        ALTauthor = {},
        editor = {Kimberly Hickok},
        title = {10 Signs That Earth's Climate Is Off the Rails},
        date = {2019-12-23},
        url = {https://www.livescience.com/10-signs-of-climate-change-in-2019.html},
        OPTurldate = {},
 note         = {}
}


@misc{agathangelou-ttf-1,
        ALTauthor = {},
        editor = {Andy Agathangelou},
        title = {Transparency Task Force},
        date = {},
        url = {https://www.transparencytaskforce.org/},
        OPTurldate = {},
 note         = {}
}


@book{west-scale,
        author = {Geoffrey West},
        title = {Scale: The Universal Laws of Growth, Innovation, Sustainability, and the Pace of Life in Organisms, Cities, Economies, and Companies},
        date = {2017-05-16},
        publisher = {Penguin Press; First Edition edition ()},
        OPTlocation = {},
note         = {}
}


@book{marx-engels-communist,
        author = {Karl Marx and Friedrich Engels},
        title = {The Communist Manifesto},
        date = {1848}, %1992 revision
        publisher = {Oxford University Press},
        location = {Oxford, UK},
 note         = {}
}


@misc{glacier-loss,
        author = {Rebecca Lindsey},
        ALTeditor = {},
        title = {Climate Change: Glacier Mass Balance},
        date = {2018-08-01},
        url = {https://www.climate.gov/news-features/understanding-climate/climate-change-glacier-mass-balance},
        OPTurldate = {},
 note         = {}
}


@book{shiller-narrative-economics,
        author = {Robert J. Shiller},
        title = {Narrative Economics: How Stories Go Viral and Drive Major Economic Events},
        date = {2019-10-01},
        publisher = {Princeton University Press},
        OPTlocation = {},
 note         = {}
}


@book{aschenbrenner-purpose,
        author = {Jo Aschenbrenner},
        title = {For Purpose: Ein neues Betriebssystem für Unternehmen},
        date = {2019-06},
publisher = {Vahlen},
        OPTlocation = {},
 note         = {}
}




@misc{koenig-source,
        author = {Peter K\"onig},
        ALTeditor = {},
        title = {Source},
        date = {},
        url = {https://workwithsource.com/what-is-source/},
        OPTurldate = {},
 note         = {}
}


@book{stewart-happy-manifesto,
        author = {Henry Stewart},
        title = {        The Happy Manifesto},
        date = {2013},
        OPTpublisher = {},
        OPTlocation = {},
 note         = {}
}


@book{fox-corporate-happiness,
        author = {R\"udiger Fox},
        title = {The business case for corporate happiness},
        date = {},
        OPTpublisher = {},
        url = {https://corporatehappinessbook.com/},
 note         = {}
}




@book{anielski-economics-happiness,
        author = {Mark Anielski},
        title = {The Economics of Happiness: Building Genuine Wealth},
        date = {2007},
        publisher = {New Society Publishers},
        location = {Canada},
 note         = {}
}




@book{cumps-sociocratie,
        author = {Jef Cumps},
        title = {Sociocratie 3.0},
        date = {2018-09},
        OPTpublisher = {},
        OPTlocation = {},
 note         = {}
}


@article{sci-am-reality,
        author = {Anil Seth},
        title = {The Neuroscience of Reality},
        journaltitle = {Scientific American},
        date = {2019-09},
        volume = {},
        number = {},
        month = {},
        pages = {},
 note         = {}
}




@book{williams-free,
        author = {Sam Williams},
        title = {Free as in Freedom: Richard Stallman's Crusade for Free Software},
        date = {2002-03-01},
        publisher = {O'Reilly Media},
        OPTlocation = {},
 note         = {}
}




@book{bregman-utopia,
        author = {Rutger Bregman},
        title = {Utopia for Realists: The Case for a Universal Basic Income, Open Borders, and a 15-hour Workweek},
        date = {2016-11-01},
        OPTpublisher = {},
        OPTlocation = {},
 note         = {}
}


@misc{peters-ergodicity-economics,
        author = {Ole Peters and Alexander Adamou},
        ALTeditor = {},
        title = {Ergodicity Economics Lecture Notes},
        date = {},
        url = {ergodicityeconomics.com/lecture-notes/},
        OPTurldate = {},
 note         = {}
}


@article{peters-nature,
        author = {Ole Peters},
        ALTeditor = {},
        title = {The ergodicity problem in economics.},
        journaltitle = {Nature Physics},
        date = {2019},
        volume = {15},
        month = {December},
        pages = {1216–1221},
note         = {Correction in 16, 111 (2020)}
}




@misc{buchanan-ergodicity,
        author = {Mark Buchanan},
        ALTeditor = {},
        title = {How ergodicity reimagines economics for the benefit of us all},
        date = {},
        url = {https://aeon.co/amp/ideas/how-ergodicity-reimagines-economics-for-the-benefit-of-us-all},
        OPTurldate = {},
 note         = {},
}


@book{taleb-skin,
        author = {Nassim Nicholas Taleb},
        title = {Skin in the Game: Hidden Asymmetries in Daily Life},
        date = {2017-12-28},
        publisher = {Random House},
        OPTlocation = {},
 note         = {}
}


@book{dekemmeter-shifting-economy,
        author = {Michel de Kemmeter and Emmanuel Mossay},
        title = {Shifting Economy},
        date = {2017-05},
        OPTpublisher = {},
        OPTlocation = {},
 note         = {}
}


@misc{bbc-humour-nazi,
        author = {Kristina Moorehead},
        ALTeditor = {},
        title = {How Britain fought Hitler with humour},
        date = {2019-08-30},
        url = {http://www.bbc.com/culture/story/20190829-how-britain-fought-hitler-with-humour},
        OPTurldate = {},
 note = {Even in the worst of times, humour reconnects us with what it means to be human.}
}




@book{lipmanowicz-liberating,
        author = {Henri Lipmanowicz and Keith McCandless},
        title = {The Surprising Power of Liberating Structures: Simple Rules to Unleash A Culture of Innovation },
        date = {2014},
        publisher = {Liberating Structures Press},
        OPTlocation = {},
 note         = {}
}


@book{peters-chimp,
        author = {Steve Peters},
        title = {The Chimp Paradox: The Mind Management Programme to Help You Achieve Success, Confidence and Happiness},
        date = {2012},
        publisher = {Vermilion},
        OPTlocation = {},
 note         = {}
}




@misc{boyd-msc-msv,
        author = {Graham Boyd},
        ALTeditor = {},
        title = {Multi-Stakeholder Company and Voting Structuring for intrinsic sustainability and thrival},
        date = {2013},
        url = {},
        OPTurldate = {},
 note         = {}
}


@book{ende-never,
        author = {Michael Ende},
        title = {The Never Ending Story (German original)},
        date = {1979},
        publisher = {Thienemann Verlag},
        OPTlocation = {},
 note         = {},
}


@phdthesis{leander-phd,
  author  = {Leander Bindewald}, 
  title  = {The grammar of money:an analytical account of money as a discursive    institution in light of the practice of complementary currencies},
  school = {Lancaster University},
  year  = {2018},
  address = {},
  month = {},
 url = {https://eprints.lancs.ac.uk/id/eprint/128117/},
  note = {An optional note}
}
@book{lietaer-money-and-sustainability,
        author = {Bernhard Lietaer and Christian Arnsperger and Sally Goerner and Stefan Brunnhuber},
        title = {Money \& Sustainability: the missing link (A report to the Club of Rome)},
        date = {2012},
        publisher = {Triarchy Press Ltd.},
        OPTlocation = {},
}




@book{lietaer-rethinking,
        author = {Bernhard Lietaer and Jacqui Dunne},
        title = {Rethinking Money: How New Currencies Turn Scarcity into Prosperity},
        date = {2013},
        publisher = {Berrett-Koehler Publishers},
        OPTlocation = {},
}


@book{dunning-book,
        author = {David Dunning},
        title = {Self-insight: Roadblocks and Detours on the Path to Knowing Thyself},
        date = {2005},
        publisher = {Psychology Press},
        OPTlocation = {},
}




@article{dunning-beyond,
        author = {David Dunning and Erik Helzer},
        title = {Beyond the Correlation Coefficient in Studies of Self-Assessment Accuracy: Commentary on Zell \& Krizan (2014)},
        journaltitle = {Perspectives on Psychological Science},
        date = {2014},
        volume = {9},
        number = {2},
        month = {},
        pages = {126–130},
}


@article{dunning-2,
        author = {David Dunning},
        title = {The Dunning–Kruger Effect: On Being Ignorant of One's Own Ignorance},
        journaltitle = {Advances in Experimental Social Psychology},
        date = {2011},
        volume = {44},
        number = {},
        month = {},
        pages = {247–296},
}


@article{dunning-kruger-original,
        author = {Justin Kruger and David Dunning},
        title = {Unskilled and Unaware of It: How Difficulties in Recognizing One's Own Incompetence Lead to Inflated Self-Assessments},
        journaltitle = {Journal of Personality and Social Psychology},
        date = {1999},
        volume = {77},
        number = {6},
        month = {},
        pages = {1121-1134},
}


@misc{frank-bold-purpose,
        author = {Frank Bold},
        ALTeditor = {},
        title = {The Purpose of the Corporation Project},
        date = {},
        url = {http://www.purposeofcorporation.org/en},
        OPTurldate = {},
}


@misc{veldman-modern-law,
        ALTauthor = {},
        ALTeditor = {},
        title = {The Modern Corporation: statement on company law},
        date = {},
        url = {themoderncorporation.wordpress.com/company-law-memo/},
        OPTurldate = {},
}




@misc{veldman-modern-economics,
        ALTauthor = {},
        ALTeditor = {},
        title = {The Modern Corporation: statement on economics},
        date = {},
        url = {themoderncorporation.wordpress.com/economics-and-msv/},
        OPTurldate = {},
}






@misc{ilo-slavery,
        ALTauthor = {},
        editor = {International Labour Organisation and Walk Free Foundation},
        title = {Global Estimates of Modern Slavery: Forced Labour and Forced Marriage},
        date = {2017},
        url = {https://www.ilo.org/global/publications/books/WCMS_575479/lang--en/index.htm},
        OPTurldate = {},
}




@misc{allain-slavery,
        author = {Jean Allain},
        ALTeditor = {},
        title = {“The Definition of ‘Slavery’ in General International Law and the Crime of Enslavement within the Rome Statute” },
        date = {2007},
        url = {https://www.icc-cpi.int/NR/rdonlyres/069658BB-FDBD-4EDD-8414-543ECB1FA9DC/0/ICCOTP20070426Allain_en.pdf},
        OPTurldate = {},
}


@book{dalio-principles,
        author = {Ray Dalio},
        title = {Principles},
        date = {2017},
        publisher = {Simon and Schuster},
        OPTlocation = {},
}




@misc{mbeki-I-am-an-african,
author = {Thabo Mbeki},
ALTeditor = {},
title = {I am an African},
date = {1996-05-08},
url = {https://en.wikipedia.org/wiki/I_Am_an_African},
OPTorganization = {},
OPTdate = {},
OPTmonth = {},
OPTyear = {},
urldate = {2019-08-16},
}


@misc{deklerk-I-am-also-an-african,
author = {F.W. de Klerk},
ALTeditor = {},
title = {Speech},
date = {},
url = {http://www.justice.gov.za/legislation/constitution/history/MEDIA/NP.PDF},
OPTorganization = {},
OPTdate = {},
OPTmonth = {},
OPTyear = {},
urldate = {2019-08-16},
}




@misc{ratliff-wired-soul,
author = {Evan Ratliff},
ALTeditor = {editor},
title = {O Engineers},
date = {2000-12-01},
url = {https://www.wired.com/2000/12/soul/},
organization = {Wired},
OPTurldate = {urldate},
}


@book{kidder-soul,
        author = {Tracey Kidder},
        title = {The Soul of A New Machine},
        date = {1981},
        publisher = {Little Brown and Company},
        OPTlocation = {},
}




@book{sen-development,
        author = {Amartya Sen},
        title = {Development as Freedom},
        date = {1999},
        publisher = {Anchor Books},
        location = {New York},
}


@article{honnold-el-cap,
        author = {Mark Synnott},
        journaltitle = {National Geographic},
        title = {Alex Honnold Completes the Most Dangerous Free-Solo Ascent Ever},
        date = {2018-10},
        url = {https://www.nationalgeographic.com/adventure/features/athletes/alex-honnold/most-dangerous-free-solo-climb-yosemite-national-park-el-capitan/},
        OPTurldate = {},
}


@misc{purpose-foundation,
        author = {Purpose Foundation},
        ALTeditor = {},
        title = {Steward Ownership},
        date = {},
        url = {https://purpose-economy.org/},
        OPTurldate = {},
}


@book{boyd-regenerate,
        author = {Graham Boyd},
        title = {Regenerate: How to regenerate yourself and your company to regenerate society and the economy},
        date = {},
        OPTpublisher = {},
        OPTlocation = {},
}


@article{gladwell-talent-myth,
        author = {},
        title = {The talent myth: Are smart people overrated?},
        journaltitle = {the New Yorker},
        date = {2002-07-22},
        volume = {},
        number = {},
        month = {},
        url = {https://www.newyorker.com/magazine/2002/07/22/the-talent-myth},
}






@book{groysberg-stars,
        author = {Boris Groysberg},
        title = {Chasing Stars: The Myth of Talent and the Portability of Performance},
        date = {2012},
        publisher = {Princeton Press},
        OPTlocation = {},
}




@misc{elkington-triple,
        author = {John Elkington},
        ALTeditor = {},
        title = {25 Years Ago I Coined the Phrase "Triple Bottom Line." Here's Why It's Time to Rethink It},
        date = {2018-06-25},
        journaltitle = {Harvard Business Review},
        url = {},
        OPTurldate = {},
}


@book{kegan-in-over,
        author = {Robert Kegan},
        title = {In Over Our Heads: The Mental Demands of Modern Life},
        date = {1994},
        publisher = {Harvard University Press},
        OPTlocation = {},
}


@article{pentland-new-science-great-teams,
        author = {Alex Pentland},
        title = {The New Science of Building Great Teams},
        journaltitle = {Harvard Business Review},
        date = {2012-04},
        volume = {},
        number = {},
        month = {},
        pages = {},
        url = {https://hbr.org/2012/04/the-new-science-of-building-great-teams},
}


@article{pentland-hard-science-teamwork,
        author = {Alex Pentland},
        title = {The Hard Science of Teamwork},
        journaltitle = {Harvard Business Review},
        date = {2012-03-20},
        volume = {},
        number = {},
        month = {},
        pages = {},
        url = {https://hbr.org/2012/03/the-new-science-of-building-gr},
}


@article{taylor-great-people-overrated-2,
        author = {Bill Taylor},
        title = {Great People Are Overrated Part 2},
        journaltitle = {Harvard Business Review},
        date = {2011-06},
        volume = {},
        number = {},
        month = {},
        pages = {},
        url = {https://hbr.org/2011/06/great-people-are-overrated-par},
}


@article{taylor-great-people-overrated-1,
        author = {Bill Taylor},
        title = {Great People Are Overrated Part 1},
        journaltitle = {Harvard Business Review},
        date = {2011-06},
        volume = {},
        number = {},
        month = {},
        pages = {},
        url = {https://hbr.org/2011/06/great-people-are-overrated},
}


@article{coutu-why-teams-dont-work,
        author = {Diane Coutu},
        title = {Why Teams Don’t Work},
        journaltitle = {Harvard Business Review},
        date = {2009-05},
        volume = {},
        number = {},
        month = {},
        pages = {},
        url = {https://hbr.org/2009/05/why-teams-dont-work},
}


@article{mueller-why-larger-teams-perform-worse,
        author = {Jennifer S. Mueller},
        title = {Why individuals in larger teams perform worse},
        journaltitle = {Organizational Behavior and Human Decision Processes},
        date = {2012-01},
        volume = {117},
        number = {1},
        month = {},
        pages = {111-124},
        url = {https://www.sciencedirect.com/science/article/pii/S0749597811001105}
}


@book{brown-rising,
  title={Rising Strong},
  author={Brene Brown},
   year={2015},
  publisher={Ebury Publishing}
}






@book{schein-helping,
  title={Helping: How to Offer, Give, and Receive Help},
  author={Edgar Schein},
  year={2009},
  publisher={Berrett-Koehler Publishers}
}




@book{johnson-cheese,
  title={Who Moved My Cheese? An Amazing Way to Deal with Change in Your Work and in Your Life},
  author={Spencer Johnson},
  isbn={},
  lccn={},
  year={1998},
  publisher={G.P. Putnam's Sons}
}






@book{hock-one,
        author = {Dee Hock},
        title = {One from Many: Visa and the Rise of Chaordic Organization},
        date = {2005},
        publisher = { Berrett-Koehler Publishers},
        OPTlocation = {},
}




@misc{constantin-are-developmental-stages-real,
author = {Sarah Constantin},
ALTeditor = {editor},
title = {Are Adult Developmental Stages Real?},
date = {2017-04-06},
url = {https://srconstantin.wordpress.com/2017/04/06/are-adult-developmental-stages-real/},
OPTorganization = {organization},
OPTdate = {date},
OPTmonth = {month},
OPTyear = {year},
OPTurldate = {urldate},
}




@misc{feynman-cargo-cult,
        author = {Richard Feynman},
        ALTeditor = {},
        title = {Cargo Cult Science (Caltech commencement address)},
        date = {1974},
        url = {http://calteches.library.caltech.edu/51/2/CargoCult.htm},
        urldate = {2019-08-03},
}


@misc{meaningness-cargo-cult,
        author = {David Chapman},
        ALTeditor = {},
        title = {Upgrade your cargo cult for the win},
        date = {2019},
        url = {https://meaningness.com/metablog/upgrade-your-cargo-cult},
        OPTurldate = {2019-08-03},
}


@article{vermeren-undesired-popularity-of-typologies,
        author = {Patrick Vermeren},
        title = {The Undesired Popularity of Typologies},
        journaltitle = {},
        date = {2013},
        volume = {},
        number = {},
        month = {},
        pages = {},
url = {https://www.researchgate.net/publication/275945722_The_Undesired_Popularity_of_Typologies_and_other_'Jung'_translation},
}




@misc{Stromberg-MBTI-meaningless,
        author = {Joseph Stromberg and Estelle Caswell},
        ALTeditor = {},
        title = {Why the Myers-Briggs test is totally meaningless},
        date = {3 August 2019-08-03},
        url = { https://www.vox.com/2014/7/15/5881947/myers-briggs-personality-test-meaningless},
        OPTurldate = {},
}


@book{wolfe-tlo,
        author = {Norman Wolfe},
        title = {The Living Organization: Transforming Business to Create Extraordinary Results},
        date = {2011},
        publisher = {Quantum Leaders Publishing},
        OPTlocation = {},
}


@misc{loftus-false-memory-wiki,
        author = {Elizabeth Loftus},
        ALTeditor = {},
        title = {Wikipedia biography},
        date = {},
        url = {https://en.wikipedia.org/wiki/Elizabeth_Loftus},
        urldate = {2019-08-02},
}


@misc{loftus-false-memory-ted,
        author = {Elizabeth Loftus},
        ALTeditor = {},
        title = {How reliable is your memory?},
        date = {2013-09-23},
        url = {https://www.youtube.com/watch?v=PB2OegI6wvI},
        OPTurldate = {},
}






@misc{cynefin,
        author = {Dave Snowdon},
        ALTeditor = {},
        title = {The Cynefin Framework},
        date = {1999},
        url = {https://en.wikipedia.org/wiki/Cynefin_framework},
        OPTurldate = {},
}


@book{zander-art,
        author = {Rosamund Stone Zander and Ben Zander},
        title = {The art of possibility},
        date = {2000},
        publisher = {Harvard Business School Press},
        OPTlocation = {},
}


@book{christensen-dna,
        author = {Clayton Christensen and Jeffrey Dyer and Hal Gregersen},
        title = {The Innovator's DNA: Mastering the Five Skills of Disruptive Innovators},
        date = {2011},
        publisher = {Harvard Business Review Press},
        OPTlocation = {},
}


@book{christensen-measure,
        author = {Clayton M. Christensen and James Allworth and Karen Dillon},
        title = {How Will You Measure Your Life?},
        date = {2012},
        publisher = {HarperBusiness},
        OPTlocation = {},
}


%new
@article{McLean-stories,
author = {McLean, Kate and Syed, Moin and Pasupathi, Monisha and Adler, Jonathan and L. Dunlop, William and Drustrup, David and Fivush, Robyn and Graci, Matthew and Lilgendahl, Jennifer and Lodi-Smith, Jennifer and Mcadams, Dan and P. McCoy, Tara},
year = {2019},
month = {04},
pages = {},
title = {The Empirical Structure of Narrative Identity: The Initial Big Three},
journal = {Journal of Personality and Social Psychology},
doi = {10.1037/pspp0000247},
}


@misc{BBC-life-story,
        author = {Christian Jarrett},
        ALTeditor = {},
        title = {The way you tell your life story shapes your personality},
        date = {2019-05-23},
        url = {http://www.bbc.com/future/story/20190523-the-way-you-tell-your-life-story-shapes-your-personality},
        OPTurldate = {},
}


@book{shakespeare-own-self,
        author = {William Shakespeare},
        title = {Hamlet (Act I, Scene 3, lines 77-79)},
        date = {},
        OPTpublisher = {},
        OPTlocation = {},
}


@book{godin-dip,
        author = {Seth Godin},
        title = {        The Dip: A Little Book That Teaches You When to Quit},
        date = {2007},
publisher = {Penguin},
        OPTlocation = {},
}


@book{kuhn-magic,
        author = {Gustav Kuhn},
        title = {Experiencing the Impossible - The Science of Magic},
        date = {2019},
        publisher = {The MIT Press},
        OPTlocation = {},
}


@book{kahane-collaborating,
  title={Collaborating with the Enemy: How to Work with People You Don't Agree with or Like or Trust},
  author={Kahane, A.},
  isbn={9781626568228},
  lccn={2016059030},
  url={},
  year={2017},
  publisher={Berrett-Koehler Publishers}
}


@book{kahane-facilitating,
  title={Facilitating Breakthrough: How to Remove Obstacles, Bridge Differences, and Move Forward Together},
  author={Adam Kahane},
  isbn={},
  lccn={},
  url={},
  year={2021},
  publisher={Berrett-Koehler Publishers}
}


@book{kahane-solving,
        author = {Adam Kahane},
        title = {Solving Tough Problems: An Open Way of Talking, Listening, and Creating New Realities},
        date = {2004},
        publisher = {Berrett-Koehler Publishers},
        OPTlocation = {},
}


@book{kahane-power-and-love,
        author = {Adam Kahane},
        title = {Power and Love: A Theory and Practice of Social Change},
        date = {2009},
        publisher = {Berrett-Koehler Publishers},
        OPTlocation = {},
}




%new
@book{cialdini-influence,
        author = {Robert Cialdini},
        title = {Influence: The Psychology of Persuasion, Revised Edition},
        date = {2006-12-26},
        publisher = {Harper Business},
        OPTlocation = {},
}


@book{mishra-age-of-anger,
        author = {Pankaj Mishra},
        title = {        Age of Anger: A History of the Present },
        date = {2017},
        publisher = {Farrar, Straus, and Giroux},
        OPTlocation = {},
}


@misc{berglas-dangers-exec-coaching,
        author = {Steven Berglas},
        ALTeditor = {},
        title = {The Very Real Dangers of Executive Coaching},
        date = {2002-06},
        url = {https://hbr.org/2002/06/the-very-real-dangers-of-executive-coaching},
        journaltitle = {Harvard Business Review},
OPTurldate = {},
}


@book{edmondson-fearless,
        author = {Amy C. Edmondson},
        title = {The fearless organization: creating psychological safety in the workplace for learning, innovation and growth},
        date = {2019},
        publisher = {John Wiley and Sons},
        location = {Hoboken, New Jersey},
}
 
@misc{taylor-mlm, 
author = {Jon M. Taylor}, 
ALTeditor = {}, 
title = {The Case (for and) against Multi-level Marketing}, 
date = {2011}, 
url = {https://www.ftc.gov/sites/default/files/documents/public_comments/trade-regulation-rule-disclosure-requirements-and-prohibitions-concerning-business-opportunities-ftc.r511993-00017\%C2\%A0/00017-57317.pdf}, 
OPTurldate = {}, 
} 
 
@book{dodgson-playful-entrepreneur, 
author = {Mark Dodgson and David Gann}, 
title = {The Playful Entrepreneur: How to Adapt and Thrive in Uncertain Times}, 
date = {2018}, 
publisher = {Yale University Press}, 
OPTlocation = {}, 
} 
 
@book{frankl-meaning,
        author = {Viktor Frankl},
        title = {Man's Search for Meaning},
        date = {1946},
        OPTpublisher = {Beacon Press},
        OPTlocation = {},
}


@misc{zappos-forbes,
        author = {Gregory Ferenstein },
        title = {Zappos CEO responds to reports of mass employee departures},
        journaltitle = {Forbes},
        date = {2016-01-19},
        url = {https://www.forbes.com/sites/gregoryferenstein/2016/01/19/zappos-ceo-responds-to-reports-of-mass-employee-departures-after-radical-management-experiment/},
        urldate = {2017-10-26},
}


@book{vygotsky-thought,
        author = {Lev Vygotsky},
        title = {Thought and language, (revised edition by Alex Kozulin)},
        date = {2012},
        publisher = {The Massachusetts Institute of Technology },
        location = {Cambridge, MA},
}


@book{vygotsky-mind,
        author = {Lev Vygotsky},
        title = {Mind in society},
        date = {1978},
        publisher = {Harvard University Press},
        location = {Cambridge, MA},
}


@misc{boyd-e6statutes,
        author = {Graham Boyd and Rory Ridley-Duff and Cliff Southcombe},
        title = {Evolutesix statutes},
        publisher = {Evolutesix, Companies House},
        date = {},
        url = {http://evolutesix.com},
        OPTurldate = {},
}


@misc{boyd-dif,
        author = {Graham Boyd and Rory Ridley-Duff and Henry Leveson-Gower and Jack Reardon},
        ALTeditor = {},
        title = {Redesigning your economy with free companies that cannot be bought or sold, talk given in the Ellen MacArthur Foundation DIF programme},
        date = {2017-11-24},
        url = {https://www.thinkdif.co/sessions/redesigning-your-economy-free-companies-that-cannot-be-bought-or-sold},
        OPTurldate = {},
}


@book{duff-fairshares,
        author = {Rory Ridley-Duff},
        title = {The Case for FairShares: A New Model for Social Enterprise Development and the Strengthening of the Social and Solidarity Economy},
        date = {2015-05-25},
        publisher = {CreateSpace Independent Publishing Platform},
}


@misc{saberr-coachbot,
        author = {Scott Carey},
        ALTeditor = {},
        title = {NHS trials UK startup Saberr's AI-powered CoachBot (Techwolrd, online)},
        date = {2017-09-20},
        url = {https://www.techworld.com/startups/nhs-trials-uk-startup-saberrs-ai-powered-coachbot-3664232/ },
        urldate = {2017-09-29},
}


@book{wegner-will,
        author = {D. Wegner},
        title = {The Illusion of conscious will},
        date = {2002-03},
        publisher = {MIT Press},
        location = {Cambridge, MA},
}


@misc{endometriosis-depression,
        author = {Jessica Hamzelou},
        ALTeditor = {},
        title = {Endometriosis reprograms brain},
        date = {2017-11-17},
        journaltitle = {New Scientist},
url = {https://www.newscientist.com/article/2153750-common-condition-endometriosis-reprograms-brain-for-depression/},
urldate = {2018-01-09},
}


@misc{first-follower,
        author = {Derek Sivers},
        ALTeditor = {},
        title = {How to start a movement},
        date = {},
        url = {https://www.ted.com/talks/derek_sivers_how_to_start_a_movement},
        urldate = {2018-05-10},
}


@misc{birthdays-aging,
        author = {Jacqueline D. Woolley and others},
        ALTeditor = {},
        title = {Young Children's Concepts of Age, Aging, and Birthdays},
        date = {2017-12-13},
        url = {http://journals.sagepub.com/doi/abs/10.1177/0276236617748129},
        OPTurldate = {},
}


@misc{CNVC,
        author = {Marshall Rosenberg et al},
        ALTeditor = {},
        title = {The Center for Nonviolent Communication},
        date = {},
        url = {https://www.cnvc.org/},
        urldate = {2018-01-09},
}


@book{rosenberg-nonviolent,
        author = {Marshall Rosenberg},
        title = {Nonviolent Communication: A Language of Life},
        date = {1998-08},
        publisher = {Puddle Dancer Press},
        OPTlocation = {},
}


@book{galbraith-mind,
        author = {John Kenneth Galbraith},
        editor = {Andrea D. Williams},
        title = {A Contemporary Guide to Economics, Peace, and Laughter. Chapter 3: How Keynes Came to America},
        date = {1971},
        publisher = {Houghton Mifflin Company},
        location = {Boston, Massachusetts},
}




@misc{little-total-honesty,
        author = {Marion Little},
        ALTeditor = {},
        title = {Total Honesty / Total Heart: Fostering empathy development and conflict resolution skills. A violence prevention strategy},
        date = {2008},
        url = {http://www.cnvc.org/sites/cnvc.org/files/MLittle_Thesis0408.pdf},
        OPTurldate = {},
}


@misc{munger-biases,
        author = {Charlie Munger},
        ALTeditor = {},
        title = {The Psychology of Human Misjudgement},
        date = {1995},
        url = {https://buffettmungerwisdom.files.wordpress.com/2013/01/mungerspeech_june_95.pdf},
        OPTurldate = {},
}




@misc{mcgaughey,
        author = {Ewan McGaughey},
        ALTeditor = {},
        title = {Collective Bargains for Corporate Change},
        date = {},
        url = { https://www.upf.edu/documents/3298481/3410076/2013-LLRNConf_McGaughey_xv2x.pdf/b16263a5-3d58-4772-a539-a0b6b60466a6},
        OPTurldate = {},
}


@misc{handy-hbr,
        author = {Charles Handy},
        ALTeditor = {},
        title = {What's a business for?},
        date = {2002-12},
        url = {https://hbr.org/2002/12/whats-a-business-for},
        OPTurldate = {},
}


@misc{hbr-willpower,
        author = {Nir Eyal},
        ALTeditor = {},
        title = {Have we been thinking about willpower the wrong way for 30 years?},
        date = {2016-11-23},
        journaltitle = {Harvard Business Review},
        url = {https://hbr.org/2016/11/have-we-been-thinking-about-willpower-the-wrong-way-for-30-years},
        OPTurldate = {},
}


@article{sokal-losada-wrong,
        author = {Nicholas Brown and Alan Sokal and Harris Friedman},
        ALTeditor = {},
        title = {The Complex Dynamics of Wishful Thinking: The Critical Positivity Ratio},
        journaltitle = {American psychologist},
        date = {2014-09},
volume = {69},
        number = {6},
        pages = {629-632},        
url = {http://retractionwatch.com/2013/09/19/fredrickson-losada-positivity-ratio-
paper-partially-withdrawn/},
        OPTurldate = {},
}


@article{losada,
        author = {Barbara Frederiksen and Marcial Losada},
        title = {Positive Affect and the Complex Dynamics of Human Flourishing},
        journaltitle = {American Psychologist},
        date = {2005},
        volume = {60},
        number = {7},
        month = {10},
        pages = {678-86},
}


@misc{steindl-gratitude,
        author = {David Steindl},
        ALTeditor = {},
        title = {Gratitude (Ted Talk)},
        date = {},
        url = {https://www.ted.com/talks/david_steindl_rast_want_to_be_happy_be_grateful},
        OPTurldate = {},
}


@misc{boyd-1perckw,
        author = {Graham Boyd},
        ALTeditor = {},
        title = {Tomorrow's Manager: A Knowledge Meshworker},
        date = {2014-03-10},
        url = {https://Evolutesix.com/2017/09/27/tomorrows-manager-a-knowledge-meshworker/},
        urldate = {2018-07-04},
}


@book{dutton-psycho,
        author = {Kevin Dutton and Andy McNab},
        title = {The Good Psychopath's Guide to Success: How to use your inner psychopath},
        date = {2014},
        publisher = {Bantam Press},
        location = {UK},
}


@book{wiseman-luck,
        author = {Richard Wiseman},
        title = {        The Luck Factor: The Four Essential Principles},
        date = {2003},
        publisher = {Century},
        location = {London},
}


@book{wiseman-paranormality,
        author = {Richard Wiseman},
        title = {Paranormality: Why we see what isn't there},
        date = {2011},
        publisher = {Macmillan},
        OPTlocation = {},
}


@book{jaques-requisite,
        author = {Elliott Jaques},
        title = {Requisite Organisation: A Total System for Effective Managerial Organization and Managerial Leadership, Revised Second Edition},
        date = {1998},
        publisher = {Cason Hall and Co.},
        location = {Arlington, VA.},
}


@book{kahneman-thinking,
        author = {Daniel Kahneman},
        title = {Thinking, Fast and Slow        },
        date = {2011},
        publisher = {Penguin},
        OPTlocation = {},
}


@misc{handy-whats-a-business-for,
        author = {Charles Handy},
        ALTeditor = {},
        title = {What's a Business For},
        date = {2002-12},
        url = {https://hbr.org/2002/12/whats-a-business-for},
        urldate = {2018-07-04},
}




@book{gilbert-compassionate,
        author = {Paul Gilbert and Rupert Farley},
        title = {The Compassionate Mind},
        date = {2009},
        publisher = {Constable},
        OPTlocation = {},
}


@incollection{boyd-laske,
        author = {Graham Boyd and Otto Laske},
        editor = {Neha Chatwani},
        title = {Human Developmental Processes as Key to Creating Impactful Leadership},
        booktitle = {Distributed Leadership. The dynamics of balancing leadership with followership},
        date = {2018},
        publisher = {Palgrave-Macmillan},
        OPTlocation = {},
        pages = {205-242},
}


@incollection{boyd-clutterbuck,
        author = {Graham Boyd},
        editor = {David Clutterbuck and Judie Gannon and Sandra Hayes and Ioanna Iordanou and Krister Lowe and Doug MacKie},
        title = {Teams in the new self-governing developmental organisations need peer to peer coaching},
        booktitle = {Team Coaching: The Practitioner's Handbook},
        date = {2019-05-14},
        publisher = {Routledge},
        OPTlocation = {},
}


@book{taleb-antifragile,
        author = {Nassim Nicholas Taleb},
        title = {Antifragile},
        date = {2012},
        publisher = {Penguin Books},
        location = {London},
}


@book{ormerod-why-fail,
        author = {Paul Ormerod},
        title = {Why Most Things Fail: Evolution, Extinction and Economics},
        date = {2005},
        publisher = {Pantheon},
        location = {NY},
}


@book{drucker-eff-exec,
        author = {Peter Drucker},
title = {The Effective Executive: The Definitive Guide to Getting the Right Things Done, 50th anniversary edition},
        date = {2017},
        publisher = {Harper Collins},
        OPTlocation = {},
}




@book{arbinger-leadership,
        author = {Arbinger Institute},
        title = {Leadership and Self-Deception},
        date = {2002},
        publisher = {Berrett-Koehler},
        OPTlocation = {},
}


@misc{hawking-new-scientist-obituary,
        author = {Stuart Clark},
        journaltitle = {New Scientist},
        date = {2018-03-24},
        Number = {3170},
        ALTauthor = {},
        ALTeditor = {},
        title = {A life of paradox (Obituary, Stephen Hawking)},
        url = {},
        OPTurldate = {},
}


@misc{freedom-charter,
        author = {Wikipedia},
        ALTeditor = {},
        title = {South African Freedom Charter},
        url = {https://en.wikipedia.org/wiki/Freedom_Charter},
        OPTurldate = {},
}
@book{varoufakis-adults,
        author = {Yanis Varoufakis},
        title = {Adults in the Room},
        date = {2017},
        publisher = {Bodley Head},
        OPTlocation = {},
}


@book{cooperrider-ai,
        author = {David Cooperrider},
        title = {Appreciative Inquiry: A Positive Revolution in Change},
        date = {2005},
        publisher = {Berrett-Koehler},
        OPTlocation = {},
}


@book{kegan-everyone,
        author = {Robert Kegan and Lisa Lahey},
        title = {An Everyone Culture: Becoming a Deliberately Developmental Organisation},
        date = {2016},
        publisher = {Harvard Business Review Press},
        OPTlocation = {},
}


@book{kegan-talk,
        author = {Robert Kegan and Lisa Lahey},
        title = {How The Way we Talk Can Change The Way We Work        },
        date = {2002},
        publisher = {Jossey-Bass},
        OPTlocation = {},
}


@book{kegan-immunity,
        author = {Robert Kegan and Lisa Lahey},
        title = {Immunity to Change: How to Overcome It and Unlock the Potential in Yourself and Your Organization (Leadership for the Common Good)},
        date = {2009},
        publisher = {Harvard Business Review Press},
        OPTlocation = {},
}


@book{ganescu-playbook,
        author = {Nora Ganescu},
        title = {The CEO playbook},
        date = {2017},
        publisher = {Morgan James},
        location = {NY},
}


@book{possert-playbook,
        author = {Bernhard Possert},
        title = {The SDO playbook},
        date = {},
        publisher = {},
        location = {},
}


@book{rosenberg-nvc,
        author = {Marshall Rosenberg},
        title = {Nonviolent Communication: A Language of Life, 3rd Edition: Life-Changing Tools for Healthy Relationships},
        date = {2015},
        publisher = {PuddleDancer Press; Third Edition},
        OPTlocation = {},
}


@book{katie-work,
        author = {Byron Katie and Stephen Mitchell},
        title = {A Mind at Home with Itself: How Asking Four Questions Can Free Your Mind, Open Your Heart, and Turn Your World Around},
        date = {2017},
        publisher = {HarperOne},
        OPTlocation = {},
}


@book{roshi-big,
        author = {Dennis Genpo Merzel},
        title = {Big Mind Big Heart: Finding Your Way},
        date = {2007},
        publisher = {Big Mind Publishing},
        OPTlocation = {},
}


@misc{heifetz-youtube,
        author = {Ronald Heifetz},
        ALTeditor = {},
        title = {Adaptive vs. Technical},
        date = {2011-08-14},
        url = { https://www.youtube.com/watch?v=UwWylIUIvmo},
        urldate = {2018-01-12},
}


@book{heifetz-practice,
        author = {Ronald Heifetz and Alexander Grashow and Marty Linsky},
        title = {The Practice of Adaptive Leadership: Tools and Tactics Tools and Tactics for Changing Your Organization and the World: A Fieldbook for Practitioners},
        date = {2009},
        publisher = {Harvard Business Press},
        OPTlocation = {},
}


@book{tolkein-lord,
        author = {J. R. R. Tolkein},
        title = {Lord of the Rings},
        date = {1954},
        publisher = {George Allen and Unwin},
        OPTlocation = {},
}




@misc{aoh,
        ALTauthor = {},
        ALTeditor = {},
        title = {Art of Hosting Conversations that Matter},
        date = {},
        url = {http://www.artofhosting.org/},
        urldate = {2017-12-22},
}


@book{hamilton-integral-city,
        author = {Marilyn Hamilton},
        title = {Integral City: Evolutionary Intelligences for the Human Hive},
        date = {2008},
        publisher = {New Society Publishers},
        OPTlocation = {},
}


@misc{co-counselling,
        author = {Wikipedia},
        ALTeditor = {},
        title = {Co-counselling},
        date = {},
        url = {https://en.wikipedia.org/wiki/Co-counselling. },
        urldate = {2017-12-22},
}


@book{rau-sociocracy,
        author = {Ted Rau and Jerry Koch-Gonzalez},
        title = {Many voices one song},
        date = {2018},
        publisher = {Sociocracy for all},
        location = {Amherst, MA},
}




@misc{priest-s3-web,
        author = {James Priest and  Bernhard Bockelbrink and Liliana David},
        ALTeditor = {},
        title = {Sociocracy 3.0},
        date = {},
        url = {http://sociocracy30.org/},
        urldate = {2017-12-22},
}


@book{senge-fifth,
        author = {Peter Senge},
        title = {The Fifth Discipline: The Art and Practice of The Learning Organization},
        date = {2006},
        publisher = {Doubleday; Revised and Updated edition},
        OPTlocation = {},
}


@book{pink-sell,
        author = {Daniel Pink},
        title = {To Sell Is Human: The Surprising Truth About Moving Others},
        date = {2013},
        publisher = {Riverhead Books; Reprint edition},
        OPTlocation = {},
}


@book{salerno-sham,
        author = {Steve Salerno},
        title = {        Sham: How the Self-Help Movement Made America},
        date = {2005},
        publisher = {Crown Publishing},
        OPTlocation = {},
}


@book{wilson-redirect,
        author = {Timothy Wilson},
        title = {Redirect: Changing the Stories We Live By        },
        date = {2013},
        publisher = {Penguin},
        OPTlocation = {},
}




@book{hill-think-grow-rich,
        author = {Napoleon Hill},
        title = {Think and Grow Rich: The Original 1937 Unedited Edition},
        date = {2012},
        publisher = {Napoleon Hill Foundation},
        OPTlocation = {},
}




@book{ueshiba-art-of-peace,
        author = {Morihei Ueshiba translated by John Stevens},
        ALTeditor = {},
        title = {The Art of Peace},
        date = {1992-11-10},
        Publisher = {Shambhala; 1st edition},
        url = {https://en.wikiquote.org/wiki/Morihei_Ueshiba},
        urldate = {2018-03-07},
}




@book{farias-buddha,
        author = {Miguel Farias and Catherine Wikholm},
        title = {The Buddha Pill: Can Meditation Change You?},
        date = {2015},
        publisher = {Watkins},
        location = {London, UK},
}


@book{pratchett-men,
        author = {Terry Pratchett},
        title = {Men at Arms},
        date = {1995},
        publisher = {Harper Prism},
        OPTlocation = {},
}


@book{aching-evil,
        author = {Terry Pratchett},
        title = {I Shall Wear Midnight},
        date = {2009},
        publisher = {Harper Collins},
        OPTlocation = {},
}


@misc{bohr-radical,
        author = {Henry Abraham Boorse and Lloyd Motz},
        title = {The World of the Atom },
        date = {1966},
        url = {},
        OPTurldate = {urldate},
}


@book{beck-SD,
        author = {Don Beck and Christopher Cowan},
        title = {Spiral Dynamics},
        date = {2005},
        publisher = {Wiley-Blackwell},
        OPTlocation = {location},
        OPTisbn = {isbn},
}


@book{laloux-RO,
        author = {Frederik Laloux},
        title = {Reinventing organizations: A guide to creating organizations inspired by the next stage in human consciousness},
        date = {2014},
        publisher = {Nelson Parker},
        location = {UK},
}


@book{laloux-illustrated,
        author = {Frederik Laloux},
        title = {Reinventing Organizations: An Illustrated Invitation to Join the Conversation on Next-Stage Organizations},
        date = {2016},
        publisher = {Nelson Parker},
        location = {UK},
}


@misc{proctoid,
        author = {Urban Dictionary},
        ALTeditor = {},
        title = {Urban Dictionary: Proctoid},
        date = {2018-02-04},
        url = {https://www.urbandictionary.com/define.php?term=Proctoid},
        urldate = {2018-02-04},
}


@book{tutu-no-future,
        author = {Desmond Tutu},
        title = {No Future without Forgiveness},
        date = {1999},
        publisher = {Random House},
        OPTlocation = {},
}


@misc{bohr-say-about,
        author = {Niels Bohr},
        ALTeditor = {},
        title = {Wikiquote},
        date = {2018-02-04},
        url = {https://en.wikiquote.org/wiki/Niels_Bohr},
        urldate = {2018-02-04},
}
@book{scharmer-U,
        author = {Otto Scharmer},
        title = {Theory U: Leading from the Future as It Emerges},
        date = {2009},
        publisher = {Berrett-Koehler Publishers},
        OPTlocation = {},
}


@book{laske-vol1,
        author = {Otto Laske},
        title = {Measuring Hidden Dimensions: The Art and Science of Fully Engaging Adults},
        date = {2006},
        publisher = {IDM Press},
        location = {MA},
        volumes = {1},
}


@book{laske-vol2,
        author = {Otto Laske},
        title = {Measuring Hidden Dimensions of Human Systems },
        date = {2008},
        publisher = {IDM Press},
        location = {MA},
        volumes = {2},
}


@book{laske-primer,
        author = {Otto Laske},
        title = {Dialectical thinking for integral leaders: A primer},
        date = {2015},
        publisher = {Tucson, AZ},
        location = {Integral Publisher.},
}


@book{bhaskar-dialectic,
        author = {Roy Bhaskar},
        title = {Dialectic: The pulse of freedom.},
        date = {1993},
        publisher = {Verso.},
        location = { London},
}


@book{basseches-psycho,
        author = {Michael Basseches and Michael F. Mascolo},
        title = { Psychotherapy as a Developmental Process},
        date = {2016},
        publisher = {Routledge},
        OPTlocation = {},
}


@book{basseches-dialectic,
        author = {Michael Basseches},
        title = {Dialectical thinking and adult development. },
        date = {1984},
        publisher = {Ablex},
        location = {N.J. USA},
}


@misc{CDF-wiki,
        author = {Otto Laske},
        ALTeditor = {},
        title = {Constructive Developmental Framework},
        date = {2018-02-04},
        url = {https://en.wikipedia.org/wiki/Constructive_developmental_framework},
        OPTurldate = {},
}




@book{robertson-holacracy,
        author = {Brian Robertson},
        title = {Holacracy: The New Management System for a Rapidly Changing World},
        date = {2015},
        publisher = {Henry Holt and Company},
        location = {New York},
}




%% From Jack’s bibliography


@book{pettifor-production-of-money,
        author = {Ann Pettifor},
        title = {The Production of Money - How to Break the Power of Bankers},
        date = {2017},
        publisher = {Verso},
        OPTlocation = {},
 note         = {}
}


@book{graeber-debt,
        author = {David Graeber},
        title = {Debt: The First 5,000 Years},
        date = {2011},
        publisher = {Melville House},
        location = {Brooklyn},
 note         = {}
}


@book{smith-moral,
        author = {Adam Smith},
        title = {The Theory of Moral Sentiments (Edition of 2000)},
        date = {1759},   
edition = {},
        publisher = {Prometheus Books},
        location = {New York},
 note         = {}
}


@book{smith-wealth,
        author = {Adam Smith},
        title = {The Wealth of Nations},
        date = {1766}, 
edition = {1976},
        publisher = {The University of Chicago Press},
        location = {Chicago},
         note         = {}
}






@article{khan-oxfam-governance,
        author = {Mishal Khan},
        title = {Oxfam: sex scandal or governance failure?},
        journaltitle = {The Lancet},
        date = {2018},
        volume = {391},
        number = {10125},
        month = {02},
        Day = {23},
        pages = {1019-1020},
}


@book{mason-post-capitalism,
        author = {Paul Mason},
        title = {Post Capitalism},
        date = {2015},
        publisher = {Allen Lane},
        OPTlocation = {},
 note         = {}
}


@misc{brown-bbaequity,
        author = {Jim Brown},
        ALTeditor = {},
        title = {Equity finance for social enterprises},
        date = {2006},
journaltitle = {Social Enterprise Journal},
        url = {},
        OPTurldate = {},
}


@book{bauwens-peer-to-peer,
        author = {Alex Pazaitis and Michel Bauwens and Vasilis Kostakis},
        title = {Peer to Peer: The Commons Manifesto},
        date = {2019},
        publisher = {University of Westminster Press},
        OPTlocation = {},
}






@book{ostrom-governing,
        author = {Elinor Ostrom},
        title = {Governing the        Commons: The Evolution of Institutions for Collective Action},
        date = {1990},
        publisher = {Cambridge University Press},
        OPTlocation = {Cambridge, UK},
}


@article{hardin-tragedy,
        author = {G. Hardin},
        title = {The Tragedy of the Commons},
        journaltitle = {Nature},
        date = {1968},
        volume = {162},
        number = {},
        month = {},
        pages = {1243-1248},
}


@book{rifkin-zero-mc,
        author = {Jeremy Rifkin},
        title = {The Zero Marginal Cost Society},
        date = {2014},
        publisher = {Palgrave Macmillan},
        location = {New York},
}


@book{shlain-art-and-physics,
        author = {Leonard Shlain},
        title = {Art and Physics: Parallel Visions in Space, Time, and Light},
        date = {1990},
        publisher = {Perennial},
        location = {New York},
}


@book{stout-shareholder,
        author = {Lynn Stout},
        title = {The Shareholder Value Myth},
        date = {2012},
        publisher = {Berrett-Koehler},
        location = {San Francisco},
}


@book{newton-principia,
        author = {Issac Newton},
        title = {The Principia},
        date = {1995},
        publisher = {Prometheus},
        location = {New York},
}
@book{earl-econocracy,
        author = {Joe Earl and Cahal Moran and Zach Ward-Perkins},
        title = {The Econocracy: The Perils of Leaving the Economy to the Experts},
        date = {2017},
        publisher = {University of Manchester},
        location = {Manchester, UK},
}


@book{rifkin-end-of-work,
        author = {Jeremy Rifkin},
        title = {The End of Work: The Decline of the Global Labor Force and the Dawn of the Post-Market Era},
        date = {1995},
        publisher = {Putnam},
        location = {New York},
}


@book{birch-business-and-society,
        author = {K. Birch and M. Peacock and R.Wellen and C.S. Hossein and Scott, S. and A. Salazar},
        title = {Business and Society: A Critical Introduction},
        date = {2017},
        publisher = {Zed Books},
        location = {London},
}


@book{vant-institutions,
        author = {A. Vant},
        title = {Institutions and the Environment},
        date = {2005},
        publisher = {Edward Elgar},
        location = {Cheltenham, UK},
}


@book{locke-two-treatises,
        author = {John Locke},
        title = {Two Treatises on Government},
        date = {1988},
        publisher = {Cambridge University Press},
        location = {Cambridge, UK},
}




@book{capra-tao,
        author = {Fritjof Capra},
        title = {The Tao of Physics},
        date = {1975},
        publisher = {Shambhala Publications},
        location = {Boulder,Colorado},
}


@book{schumpeter-capitalism,
        author = {Joseph Schumpeter},
        title = {Capitalism, Socialism, Democracy},
        date = {1942},
        publisher = {Routledge},
        location = {London},
}


@book{standing-precariat,
        author = {Guy Standing},
        title = {The Precariat: The New Dangerous Class},
        date = {2011},
        publisher = {Bloomsbury Academic},
        location = {London},
}


@book{standing-basic-income,
        author = {Guy Standing},
        title = {Basic Income: And How We Can Make it Happen},
        date = {2017},
        publisher = {Pelican Books},
        location = {London},
}




@book{wced-sustainability,
        author = {World Commission on Environment and Development},  
        title = {Our Common Future},
        date = {1987},
url = {},
        publisher = {Oxford University Press},
        location = {Oxford, UK},
}


@article{barry-game-theory,
author = {Jordan M. Barry and John William Hartfield and Scott Duke Kominers},
title = {On Derivatives Markets and Social Welfare: A Theory of Empty Voting and Hidden Ownership},
journaltitle = {Virginia Law Review},
date = {2013},
volume = {99},
number = {1103},
month = {},
pages = {},
OPTpublisher = {},
OPTlocation = {},
}




@book{diamond-collapse,
        author = {Jared Diamond},
        title = {Collapse: How Societies Choose to Fail or Succeed},
        date = {2005},
        publisher = {Penguin},
        location = {New York},
}






@book{george-progress,
        author = {Henry George},
        title = {Progress and Poverty},
        date = {1948},
        publisher = {Robert Schalkenbach Foundation},
        location = {New York},
}






@book{antliff-leighten-cubism-culture,
        author = {Mark Antliff and Patricia Leighten},
        title = {Cubism and Culture},
        date = {2001},
        publisher = {Thames and Hudson},
        location = {New York},
}


@book{boorse-motz-world-of-atom,
        author = {Henry Boorse and Lloyd Motz},
        title = {The World of the Atom},
        date = {1966},
        publisher = {Basic Books},
        location = {London},
}


@book{gardner-creating-minds,
        author = {Howard Gardner},
        title = {Creating Minds},
        date = {1993},
        publisher = {Basic Books},
        location = {New York},
}
 




@book{landes-wealth-and-poverty,
        author = {David Landes},
        title = {Wealth and Poverty},
        date = {1999},
        publisher = {W.W. Norton},
        location = {New York},
}


 
@book{mason-postcapitalism,
        author = {Paul Mason},
        title = {Postcapitalism: A Guide to Our Future},
        date = {2017},
        publisher = {Farrar, Straus and Giroux},
        location = {New York},
}


@book{khanna-connectography,
        author = {Khanna, P.},
        title = {Connectography: Mapping the Future of Global Civilization},
        date = {2016},
        publisher = {Random House},
        location = {New York},
}




@article{townsend-desperate,
        author = {Mark Townsend},
        title = {How a Desperate Dearth of Analysis Let the London Attackers Through},
        journaltitle = {The Observer},
        date = {2017},
        volume = {},
        number = {},
        month = {06},
        pages = {16-17},
 note         = {}
}